<?xml version="1.0" encoding="UTF-8"?>
<record xmlns="http://www.loc.gov/MARC21/slim">
   <leader>03009cam a2200493 a 4500</leader>
   <controlfield tag="001">191725</controlfield>
   <controlfield tag="003">NjP</controlfield>
   <controlfield tag="005">20190705135731.0</controlfield>
   <controlfield tag="008">831121m19819999ir       b    000 0 ara d</controlfield>
   <datafield tag="024" ind1="7" ind2=" ">
      <subfield code="a">princeton_aco005001</subfield>
      <subfield code="2">local</subfield>
   </datafield>
   <datafield ind1=" " ind2=" " tag="040">
      <subfield code="a">NjP</subfield>
      <subfield code="c">PUL</subfield>
      <subfield code="d">PUL</subfield>
   </datafield>
   <datafield ind1=" " ind2=" " tag="066">
      <subfield code="c">(3</subfield>
      <subfield code="c">(4</subfield>
   </datafield>
   <datafield ind1=" " ind2=" " tag="035">
      <subfield code="a">(CStRLIN)NJPG83-B78437</subfield>
   </datafield>
   <datafield ind1=" " ind2=" " tag="035">
      <subfield code="9">ABA6641TS</subfield>
   </datafield>
   <datafield ind1=" " ind2=" " tag="035">
      <subfield code="a">(NjP)191725</subfield>
   </datafield>
   <datafield ind1=" " ind2=" " tag="049">
      <subfield code="a">PULL</subfield>
   </datafield>
   <datafield ind1=" " ind2=" " tag="035">
      <subfield code="a">(OCoLC)ocm26838966</subfield>
   </datafield>
   <datafield ind1="1" ind2=" " tag="100">
      <subfield code="6">880-01</subfield>
      <subfield code="a">Muṣṭafavī, Ḥasan.</subfield>
   </datafield>
   <datafield ind1="1" ind2="3" tag="245">
      <subfield code="6">880-02</subfield>
      <subfield code="a">al-Taḥqīq fī kalimāt al-Qurʼān al-karīm :</subfield>
      <subfield code="b">yabḥathu ʻan al-aṣl al-wāḥid fī kull kalimah, wa-taṭawwurihi wa-taṭbīqihi ʻalá mukhtalif mawārid al-istiʻmāl fī kalāmihi taʻālá /</subfield>
      <subfield code="c">taʼlīf Ḥasan al-Muṣṭafawī.</subfield>
   </datafield>
   <datafield ind1=" " ind2=" " tag="260">
      <subfield code="6">880-03</subfield>
      <subfield code="a">Tihrān :</subfield>
      <subfield code="b">Bungāh-i Tarjumah va Nashr-i Kitāb,</subfield>
      <subfield code="c">1360- [1981- ]</subfield>
   </datafield>
   <datafield ind1=" " ind2=" " tag="300">
      <subfield code="a">v. ;</subfield>
      <subfield code="c">25 cm</subfield>
   </datafield>
   <datafield ind1="1" ind2=" " tag="490">
      <subfield code="6">880-04</subfield>
      <subfield code="a">Intishārāt-i Bungāh-i Tarjumah va Nashr-i Kitāb ;</subfield>
      <subfield code="v">531-532, 540, 543-545.</subfield>
      <subfield code="a">Majmūʻah-ʼi maʻārif-i Islāmī ;</subfield>
      <subfield code="v">1</subfield>
   </datafield>
   <datafield ind1=" " ind2=" " tag="500">
      <subfield code="a">Vol. 7- published by: [Tehran] : Wizārat al-Irshād al-Islāmī.</subfield>
   </datafield>
   <datafield ind1=" " ind2=" " tag="500">
      <subfield code="a">Vol. 7- : al-Ṭabʻah 1.</subfield>
   </datafield>
   <datafield ind1=" " ind2=" " tag="504">
      <subfield code="a">Includes bibliographical references.</subfield>
   </datafield>
   <datafield ind1=" " ind2=" " tag="500">
      <subfield code="a">Title on cover of v. 7 : A research into the holy Quranic words.</subfield>
   </datafield>
   <datafield ind1="1" ind2=" " tag="505">
      <subfield code="a">al-mujallad 8. "ʻA" -- al-mujallad 9. "F-Q" -- 11. "M-H" -- 12. "N" -- al-mujallad 13-14. "W-Y".</subfield>
   </datafield>
   <datafield ind1="0" ind2="0" tag="630">
      <subfield code="a">Koran</subfield>
      <subfield code="x">Language, style</subfield>
      <subfield code="x">Early works to 1800.</subfield>
   </datafield>
   <datafield ind1="0" ind2=" " tag="740">
      <subfield code="a">Research into the holy Quranic words.</subfield>
   </datafield>
   <datafield ind1=" " ind2="0" tag="830">
      <subfield code="6">880-05</subfield>
      <subfield code="a">Intishārāt-i Bungāh-i Tarjumah va Nashr-i Kitāb ;</subfield>
      <subfield code="v">531-532.</subfield>
   </datafield>
   <datafield ind1=" " ind2="0" tag="830">
      <subfield code="6">880-06</subfield>
      <subfield code="a">Intishārāt-i Bungāh-i Tarjumah va Nashr-i Kitāb ;</subfield>
      <subfield code="v">540.</subfield>
   </datafield>
   <datafield ind1=" " ind2="0" tag="830">
      <subfield code="6">880-07</subfield>
      <subfield code="a">Intishārāt-i Bungāh-i Tarjumah va Nashr-i Kitāb ;</subfield>
      <subfield code="v">543-545.</subfield>
   </datafield>
   <datafield ind1=" " ind2="0" tag="830">
      <subfield code="6">880-08</subfield>
      <subfield code="a">Intishārāt-i Bungāh-i Tarjumah va Nashr-i Kitāb.</subfield>
      <subfield code="p">Majmūʻah-ʼi maʻārif-i Islāmī ;</subfield>
      <subfield code="v">1.</subfield>
   </datafield>
   <datafield ind1="1" ind2=" " tag="880">
      <subfield code="6">100-01/(3/r</subfield>
      <subfield code="a">مصطفوى، حسن.</subfield>
   </datafield>
   <datafield ind1="1" ind2="2" tag="880">
      <subfield code="6">245-02/(3/r</subfield>
      <subfield code="a">التحقيق في كلمات القرآن الكريم :</subfield>
      <subfield code="b">يبحث عن الاصل الواحد في كل كلمة، وتطوره وتطبيقه على مختلف موارد الاستعمال في كلامه تعالى /</subfield>
      <subfield code="c">تأليف حسن المصطفوي.</subfield>
   </datafield>
   <datafield ind1=" " ind2=" " tag="880">
      <subfield code="6">260-03/(3/r</subfield>
      <subfield code="a">تهران :</subfield>
      <subfield code="b">بنگاه ترجمه و نشر کتاب،</subfield>
      <subfield code="c">1360- [1981- ]</subfield>
   </datafield>
   <datafield ind1="1" ind2=" " tag="880">
      <subfield code="6">490-04/(3/r</subfield>
      <subfield code="a">انتشاراتا بنگاها ترجمة ڤ نشرا كتاب ؛</subfield>
      <subfield code="v">531-532، 540، 543-545.</subfield>
      <subfield code="a">مجموعهئ معارفا اسلامي ؛</subfield>
      <subfield code="v">1</subfield>
   </datafield>
   <datafield ind1=" " ind2="0" tag="880">
      <subfield code="6">830-05/(3/r</subfield>
      <subfield code="a">انتشارات بنگاه ترجمه و نشر کتاب ؛</subfield>
      <subfield code="v">531-532.</subfield>
   </datafield>
   <datafield ind1=" " ind2="0" tag="880">
      <subfield code="6">830-06/(3/r</subfield>
      <subfield code="a">انتشارات بنگاه ترجمه و نشر کتاب ؛</subfield>
      <subfield code="v">540.</subfield>
   </datafield>
   <datafield ind1=" " ind2="0" tag="880">
      <subfield code="6">830-07/(3/r</subfield>
      <subfield code="a">انتشارات بنگاه ترجمه و نشر کتاب ؛</subfield>
      <subfield code="v">543-545.</subfield>
   </datafield>
   <datafield ind1=" " ind2="0" tag="880">
      <subfield code="6">830-08/(3/r</subfield>
      <subfield code="a">انتشارات بنگاه ترجمه و نشر کتاب.</subfield>
      <subfield code="p">مجموعۀ معارف اسلامى ؛</subfield>
      <subfield code="v">1.</subfield>
   </datafield>
   <datafield ind1=" " ind2=" " tag="911">
      <subfield code="a">19941111</subfield>
   </datafield>
   <datafield ind1=" " ind2=" " tag="912">
      <subfield code="a">19941102000000.0</subfield>
   </datafield>
   <datafield ind1=" " ind2=" " tag="994">
      <subfield code="a">C0</subfield>
      <subfield code="b">PUL</subfield>
   </datafield>
   <datafield ind1=" " ind2=" " tag="999">
      <subfield code="a">191725</subfield>
   </datafield>
   <datafield ind1=" " ind2=" " tag="979">
      <subfield code="a">(OCoLC)ocn175402034</subfield>
   </datafield>
   <datafield ind1="0" ind2="1" tag="852">
      <subfield code="0">210926</subfield>
      <subfield code="b">nec</subfield>
      <subfield code="t">1</subfield>
      <subfield code="h">PJ6696.Z5</subfield>
      <subfield code="i">M87</subfield>
   </datafield>
   <datafield ind1=" " ind2="0" tag="866">
      <subfield code="0">210926</subfield>
      <subfield code="8">0</subfield>
      <subfield code="a">mujallad 1-14</subfield>
   </datafield>
   <datafield ind1="0" ind2="1" tag="852">
      <subfield code="0">210927</subfield>
      <subfield code="b">nec</subfield>
      <subfield code="t">2</subfield>
      <subfield code="h">PJ6696.Z5</subfield>
      <subfield code="i">M87</subfield>
   </datafield>
   <datafield ind1=" " ind2="0" tag="866">
      <subfield code="0">210927</subfield>
      <subfield code="8">DESIGNATOR: mujallad</subfield>
   </datafield>
   <datafield ind1=" " ind2="0" tag="866">
      <subfield code="0">210927</subfield>
      <subfield code="8">Mujallad 13-14 (published in 1371 [1992])</subfield>
   </datafield>
   <datafield ind1=" " ind2=" " tag="959">
      <subfield code="a">2000-06-13 00:00:00 -0400</subfield>
   </datafield>
</record>
